@Book{ggplot2,
  author = {Hadley Wickham},
  title = {ggplot2: Elegant Graphics for Data Analysis},
  publisher = {Springer-Verlag New York},
  year = {2016},
  isbn = {978-3-319-24277-4},
  url = {https://ggplot2.tidyverse.org},
}
@Manual{R-base,
  title = {R: A Language and Environment for Statistical Computing},
  author = {{R Core Team}},
  organization = {R Foundation for Statistical Computing},
  address = {Vienna, Austria},
  year = {2018},
  url = {https://www.R-project.org/},
}
@Manual{stata,
  title = {Stata Statistical Software: Release 15},
  author = {StataCorp},
  organization = {StataCorp LLC},
  year = {2017},
  url = {https://www.stata.com},
  address = {College Station, TX},
}
@Manual{github,
  title = {GITHUB : a module for building, searching, installing, and managing Stata packages from GitHub},
  author = {E. F. Haghish},
  year = {2019},
  note = {Stata module version 1.9.8},
  url = {https://github.com/haghish/github}
}
@Manual{neat,
  title = {neat : a Stata layout module to create geometric shapes out of replicates in scatter plot},
  author = {E. F. Haghish},
  year = {2016},
  note = {Stata module version 1.0.3},
  url = {https://github.com/haghish/neat}
}
@Manual{stata4ds,
  title = {stata4ds: 《Stata for Data Science》一书中的 Stata 示例数据集和命令},
  author = {程振兴},
  year = {2019},
  note = {Stata module version 0.0.0.9000},
  url = {https://github.com/czxa/stata4ds}
}
@Manual{stcolor,
  title = {stcolor：在Stata绘图中使用中国、日本传统色以及谷歌配色},
  author = {程振兴},
  year = {2019},
  note = {Stata module version 0.0.0.9000},
  url = {https://github.com/czxa/stcolor}
}
@Manual{finance,
  title = {finance：Stata与金融},
  author = {程振兴},
  year = {2019},
  note = {Stata module version 0.0.0.9000},
  url = {https://github.com/czxa/finance}
}
@Manual{cuse,
  title = {cuse：调用和查看我的数据仓库中的所有数据集},
  author = {程振兴},
  year = {2019},
  note = {Stata module version 0.0.0.9000},
  url = {https://github.com/czxa/cuse}
}
@Manual{stata2docx,
  title = {stata2docx: 将Stata结果输出到docx文档中},
  author = {程振兴},
  year = {2019},
  note = {Stata module version 0.0.0.9000},
  url = {https://github.com/czxa/stata2docx}
}
@Manual{dict
  title = {dict: 使用Stata作为英汉、汉英词典},
  author = {程振兴},
  year = {2019},
  note = {Stata module version 0.0.0.9000},
  url = {https://github.com/czxa/dict}
}
@Manual{stata-colorscheme,
  title = {stata-colorscheme: Stata command to generate color schemes},
  author = {Matthieu Gomez},
  year = {2019},
  note = {Stata module version 0.0.0.9000},
  url = {https://github.com/matthieugomez/stata-colorscheme/}
}
@Manual{plotplain,
  title = {Figure Schemes for Decent Stata Figures: plotplain and plottig},
  author = {Bischof, D},
  year = {2015},
  note = {Stata module version 1.3.0},
  url = {http://danbischof.wordpress.com/publications/}
}
@Manual{tidy,
  title = {TIDY: module to ease reshaping of data},
  author = {Matthieu Gomez},
  year = {2015},
  note = {Stata module version 0.0.0.9000},
  url = {https://github.com/matthieugomez/tidy.ado}
}
@Manual{superscatter,
  title = {superscatter: Scatter plot with marginal distributions and other enhancements},
  author = {Keith Kranker, Mead Over},
  year = {2017},
  note = {Stata module version 0.0.0.9000},
  url = {http://www.cgdev.org/expert/mead-over/}
}
@Article{flower,
  title = {The many faces of a scatterplot.},
  author = {Cleveland, W.S. and McGill, R},
  year = {1984},
  journal = {Journal of the American Statistical Association},
  pages = {807-822},
  volume = {79},
  number = {388},
}
@Manual{haven,
  title = {haven: Import and Export 'SPSS', 'Stata' and 'SAS' Files},
  author = {Hadley Wickham and Evan Miller},
  year = {2019},
  note = {R package version 2.1.0},
  url = {https://CRAN.R-project.org/package=haven},
}
@Manual{R-bookdown,
  title = {bookdown: Authoring Books and Technical Documents with R Markdown},
  author = {Yihui Xie},
  year = {2018},
  note = {R package version 0.9},
  url = {https://CRAN.R-project.org/package=bookdown},
}
@Manual{R-knitr,
  title = {knitr: A General-Purpose Package for Dynamic Report Generation in R},
  author = {Yihui Xie},
  year = {2019},
  note = {R package version 1.22},
  url = {https://CRAN.R-project.org/package=knitr},
}
@Manual{R-rmarkdown,
  title = {rmarkdown: Dynamic Documents for R},
  author = {JJ Allaire and Yihui Xie and Jonathan McPherson and Javier Luraschi and Kevin Ushey and Aron Atkins and Hadley Wickham and Joe Cheng and Winston Chang and Richard Iannone},
  year = {2019},
  note = {R package version 1.12},
  url = {https://CRAN.R-project.org/package=rmarkdown},
}

@Book{xie2015,
  title = {Dynamic Documents with {R} and knitr},
  author = {Yihui Xie},
  publisher = {Chapman and Hall/CRC},
  address = {Boca Raton, Florida},
  year = {2015},
  edition = {2nd},
  note = {ISBN 978-1498716963},
  url = {http://yihui.name/knitr/},
}

@Manual{r4ds,
  title = {r4ds: R for data science.},
  author = {Hadley Wickham and Garrett Grolemund},
  year = {2019},
  note = {R package version 0.1},
  url = {https://github.com/hadley/r4ds},
}
